<record><leader>00000cas a2200000 a 4500</leader><controlfield tag="001">27212836</controlfield><controlfield tag="008">930108d1870187uiluwr ne      0   a0eng c</controlfield><datafield ind1=" " ind2=" " tag="010"><subfield code="a">sn 93055466 </subfield></datafield><datafield ind1=" " ind2=" " tag="040"><subfield code="a">NVF</subfield><subfield code="b">eng</subfield><subfield code="c">NVF</subfield><subfield code="d">OCLCQ</subfield><subfield code="d">NVF</subfield><subfield code="d">OCLCQ</subfield><subfield code="d">NVF</subfield><subfield code="d">OCLCQ</subfield><subfield code="d">OCLCF</subfield><subfield code="d">NVF</subfield><subfield code="d">OCLCO</subfield></datafield><datafield ind1="1" ind2=" " tag="029"><subfield code="a">AU@</subfield><subfield code="b">000020736761</subfield></datafield><datafield ind1=" " ind2=" " tag="042"><subfield code="a">pcc</subfield></datafield><datafield ind1=" " ind2=" " tag="043"><subfield code="a">n-us-il</subfield></datafield><datafield ind1="0" ind2=" " tag="130"><subfield code="a">Kewanee advertiser (Kewanee, Ill. : 1870)</subfield></datafield><datafield ind1="1" ind2="0" tag="245"><subfield code="a">Kewanee advertiser.</subfield></datafield><datafield ind1=" " ind2=" " tag="260"><subfield code="a">Kewanee, Ill. :</subfield><subfield code="b">Chauncey Bassett,</subfield><subfield code="c">1870-[187-?]</subfield></datafield><datafield ind1=" " ind2=" " tag="300"><subfield code="a">v.</subfield></datafield><datafield ind1=" " ind2=" " tag="310"><subfield code="a">Weekly</subfield></datafield><datafield ind1="0" ind2=" " tag="362"><subfield code="a">Vol. 2, no. 27 (July 9, 1870)- = new ser., v. 1, no. 1-</subfield></datafield><datafield ind1=" " ind2=" " tag="588"><subfield code="a">Latest issue consulted: Dec. 29, 1870.</subfield></datafield><datafield ind1=" " ind2="0" tag="651"><subfield code="a">Kewanee (Ill.)</subfield><subfield code="v">Newspapers.</subfield></datafield><datafield ind1=" " ind2="7" tag="651"><subfield code="a">Illinois</subfield><subfield code="z">Kewanee.</subfield><subfield code="2">fast</subfield><subfield code="0">(OCoLC)fst01219159</subfield></datafield><datafield ind1=" " ind2="7" tag="655"><subfield code="a">Newspapers.</subfield><subfield code="2">fast</subfield><subfield code="0">(OCoLC)fst01423814</subfield></datafield><datafield ind1=" " ind2=" " tag="752"><subfield code="a">United States</subfield><subfield code="b">Illinois</subfield><subfield code="c">Henry</subfield><subfield code="d">Kewanee.</subfield></datafield><datafield ind1="0" ind2="0" tag="785"><subfield code="t">Kewanee independent</subfield><subfield code="w">(DLC)sn 84038529</subfield><subfield code="w">(OCoLC)11331367</subfield></datafield></record>